@inproceedings{Huang:CIKM,
 author = {Huang, Po-Sen and He, Xiaodong and Gao, Jianfeng and Deng, Li and Acero, Alex and Heck, Larry},
 title = {Learning Deep Structured Semantic Models for Web Search Using Clickthrough Data},
 booktitle = {Proceedings of the 22Nd ACM International Conference on Information \& Knowledge Management},
 series = {CIKM '13},
 year = {2013},
 isbn = {978-1-4503-2263-8},
 location = {San Francisco, California, USA},
 pages = {2333--2338},
 numpages = {6},
 url = {http://doi.acm.org/10.1145/2505515.2505665},
 doi = {10.1145/2505515.2505665},
 acmid = {2505665},
 publisher = {ACM},
 address = {New York, NY, USA},
 keywords = {clickthrough data, deep learning, semantic model, web search},
} 



@inproceedings{gao:emnlp,
  author    = {Jianfeng Gao and
               Patrick Pantel and
               Michael Gamon and
               Xiaodong He and
               Li Deng},
  title     = {Modeling Interestingness with Deep Neural Networks},
  booktitle = {Proceedings of the 2014 Conference on Empirical Methods in Natural
               Language Processing, {EMNLP} 2014, October 25-29, 2014, Doha, Qatar,
               {A} meeting of SIGDAT, a Special Interest Group of the {ACL}},
  pages     = {2--13},
  year      = {2014}
}

%Yelong Shen, Xiaodong He, Jianfeng Gao, Li Deng, Gregoire Mesnil. 2014. A latent semantic model with convolutional-pooling structure for information retrieval. In CIKM, Nov, 2014. [PDF]


@inproceedings{wen:yih:semantic:parsing,
  author    = {Wen{-}tau Yih and
               Ming{-}Wei Chang and
               Xiaodong He and
               Jianfeng Gao},
  title     = {Semantic Parsing via Staged Query Graph Generation: Question Answering
               with Knowledge Base},
  booktitle = {Proceedings of the 53rd Annual Meeting of the Association for Computational
               Linguistics and the 7th International Joint Conference on Natural
               Language Processing of the Asian Federation of Natural Language Processing,
               {ACL} 2015, July 26-31, 2015, Beijing, China, Volume 1: Long Papers},
  pages     = {1321--1331},
  year      = {2015}
}